<record><leader>00000cas a22000007a 4500</leader><controlfield tag="001">12589246</controlfield><controlfield tag="008">850923d18841885wiuuu ne      0    0eng d</controlfield><datafield ind1=" " ind2=" " tag="010"><subfield code="a">sn 85041044 </subfield></datafield><datafield ind1=" " ind2=" " tag="040"><subfield code="a">NPV</subfield><subfield code="b">eng</subfield><subfield code="c">NPV</subfield><subfield code="d">OCLCQ</subfield></datafield><datafield ind1=" " ind2=" " tag="042"><subfield code="a">msc</subfield></datafield><datafield ind1=" " ind2=" " tag="045"><subfield code="a">w8w8</subfield></datafield><datafield ind1=" " ind2=" " tag="052"><subfield code="a">4123</subfield><subfield code="b">C6</subfield></datafield><datafield ind1="0" ind2=" " tag="130"><subfield code="a">Breeze (Pardeeville, Wis.)</subfield></datafield><datafield ind1="1" ind2="4" tag="245"><subfield code="a">The breeze.</subfield></datafield><datafield ind1="1" ind2="3" tag="246"><subfield code="a">Pardeeville breeze</subfield></datafield><datafield ind1=" " ind2=" " tag="260"><subfield code="a">Pardeeville, Wis. :</subfield><subfield code="b">[s.n.]</subfield></datafield><datafield ind1=" " ind2=" " tag="300"><subfield code="a">v.</subfield></datafield><datafield ind1="1" ind2=" " tag="362"><subfield code="a">Began in Feb., 1884; ceased in 1885 .</subfield><subfield code="z">Cf. Oehlerts, d. E. Guide to Wis. newspapers.</subfield></datafield><datafield ind1=" " ind2=" " tag="500"><subfield code="a">"Blows for Pardeeville, Wyocena and adjacent burgs."</subfield></datafield><datafield ind1=" " ind2=" " tag="530"><subfield code="a">Available on microfilm from The State Historical Society of Wisconsin.</subfield></datafield><datafield ind1=" " ind2=" " tag="588"><subfield code="a">Description based on: Vol. 1, no. 13 (Apr. 9, 1884).</subfield></datafield><datafield ind1=" " ind2=" " tag="752"><subfield code="a">United States</subfield><subfield code="b">Wisconsin</subfield><subfield code="c">Columbia</subfield><subfield code="d">Pardeeville.</subfield></datafield><datafield ind1=" " ind2=" " tag="752"><subfield code="a">United States</subfield><subfield code="b">Wisconsin</subfield><subfield code="c">Columbia</subfield><subfield code="d">Wyocena.</subfield></datafield></record>